<?xml version="1.0" encoding="UTF-8"?>
<collection>
   <record>
      <leader>02240cam a2200385I  4500</leader>
      <controlfield tag="001">9915533206507426</controlfield>
      <controlfield tag="005">20221102134703.0</controlfield>
      <controlfield tag="008">920620s1858    pauaf         000 0 eng d</controlfield>
      <datafield tag="010" ind1=" " ind2=" ">
         <subfield code="a">   34038775 </subfield>
      </datafield>
      <datafield tag="016" ind1="7" ind2=" ">
         <subfield code="a">CAT10505779</subfield>
         <subfield code="2">DNAL</subfield>
      </datafield>
      <datafield tag="035" ind1=" " ind2=" ">
         <subfield code="a">407405</subfield>
      </datafield>
      <datafield tag="035" ind1=" " ind2=" ">
         <subfield code="a">(OCoLC)05209564</subfield>
      </datafield>
      <datafield tag="035" ind1=" " ind2=" ">
         <subfield code="a">(DNAL)407405-naldb-Voyager</subfield>
      </datafield>
      <datafield tag="040" ind1=" " ind2=" ">
         <subfield code="a">IXA</subfield>
         <subfield code="b">eng</subfield>
         <subfield code="c">IXA</subfield>
         <subfield code="d">IXA</subfield>
         <subfield code="d">OCLCQ</subfield>
         <subfield code="d">AGL</subfield>
         <subfield code="d">OCLCG</subfield>
         <subfield code="d">OCLCQ</subfield>
         <subfield code="d">OCLCA</subfield>
         <subfield code="d">OCLCF</subfield>
         <subfield code="d">OCLCQ</subfield>
         <subfield code="d">OCLCO</subfield>
      </datafield>
      <datafield tag="049" ind1=" " ind2=" ">
         <subfield code="a">RQIA</subfield>
      </datafield>
      <datafield tag="050" ind1="0" ind2="0">
         <subfield code="a">SF951</subfield>
         <subfield code="b">.M4 1860</subfield>
      </datafield>
      <datafield tag="070" ind1="0" ind2=" ">
         <subfield code="a">42</subfield>
         <subfield code="b">M38 1858</subfield>
      </datafield>
      <datafield tag="072" ind1=" " ind2="0">
         <subfield code="a">L100</subfield>
      </datafield>
      <datafield tag="100" ind1="1" ind2=" ">
         <subfield code="a">Mason, Richard,</subfield>
         <subfield code="d">active 1808-1861?</subfield>
         <subfield code="0">http://id.loc.gov/authorities/names/nr2004001810</subfield>
      </datafield>
      <datafield tag="245" ind1="1" ind2="0">
         <subfield code="a">Mason's farrier and stud-book--new ed.</subfield>
         <subfield code="b">The gentleman's new pocket farrier: comprising a general description of the noble and useful animal, the horse; with modes of management in all cases, and treatment in disease.</subfield>
         <subfield code="c">By Richard Mason ... To which is added, a prize essay on mules; an appendix, containing recipes for diseases of horses, oxen, cows, calves, sheep, dogs, swine, etc., etc., with annals of the turf, American stud-book, rules for training, racing, etc. With a supplement: comprising an essay on domestic animals, especially the horse; with remarks on treatment and breeding; together with trotting and racing tables, showing the best time on record, at one, two, three, and four mile heats; pedigrees of winning horses, since 1839; and of the most celebrated stallions and mares; with useful calving and lambing tables, &amp;c., &amp;c. By J.S. Skinner ...</subfield>
      </datafield>
      <datafield tag="260" ind1=" " ind2=" ">
         <subfield code="a">Philadelphia,</subfield>
         <subfield code="b">J.B. Lippincott &amp; Co.,</subfield>
         <subfield code="c">1858.</subfield>
      </datafield>
      <datafield tag="300" ind1=" " ind2=" ">
         <subfield code="a">415, 101 pages</subfield>
         <subfield code="b">frontispiece, illustrations, plates</subfield>
         <subfield code="c">19 cm</subfield>
      </datafield>
      <datafield tag="336" ind1=" " ind2=" ">
         <subfield code="a">text</subfield>
         <subfield code="b">txt</subfield>
         <subfield code="2">rdacontent</subfield>
      </datafield>
      <datafield tag="337" ind1=" " ind2=" ">
         <subfield code="a">unmediated</subfield>
         <subfield code="b">n</subfield>
         <subfield code="2">rdamedia</subfield>
      </datafield>
      <datafield tag="338" ind1=" " ind2=" ">
         <subfield code="a">volume</subfield>
         <subfield code="b">nc</subfield>
         <subfield code="2">rdacarrier</subfield>
      </datafield>
      <datafield tag="591" ind1=" " ind2=" ">
         <subfield code="b">NAL Reclamation</subfield>
      </datafield>
      <datafield tag="650" ind1=" " ind2="0">
         <subfield code="a">Horses.</subfield>
         <subfield code="0">http://id.loc.gov/authorities/subjects/sh85062160</subfield>
      </datafield>
      <datafield tag="650" ind1=" " ind2="0">
         <subfield code="a">Horses</subfield>
         <subfield code="x">Diseases.</subfield>
         <subfield code="0">http://id.loc.gov/authorities/subjects/sh85062163</subfield>
      </datafield>
      <datafield tag="700" ind1="1" ind2=" ">
         <subfield code="a">Pomeroy, Samuel Wyllys,</subfield>
         <subfield code="d">1802-1882.</subfield>
         <subfield code="0">http://id.loc.gov/authorities/names/nr2002003114</subfield>
      </datafield>
      <datafield tag="700" ind1="1" ind2=" ">
         <subfield code="a">Skinner, John S.</subfield>
         <subfield code="q">(John Stuart),</subfield>
         <subfield code="d">1788-1851.</subfield>
      </datafield>
      <datafield tag="912" ind1=" " ind2=" ">
         <subfield code="a">nalcatalog</subfield>
      </datafield>
      <datafield tag="930" ind1=" " ind2=" ">
         <subfield code="a">20130417</subfield>
         <subfield code="b">20130503</subfield>
         <subfield code="c">00000000</subfield>
      </datafield>
      <datafield tag="946" ind1=" " ind2=" ">
         <subfield code="a">Other US</subfield>
      </datafield>
      <datafield tag="959" ind1=" " ind2=" ">
         <subfield code="c">2013/04/17</subfield>
         <subfield code="e">ssouder</subfield>
         <subfield code="g">de</subfield>
      </datafield>
      <datafield tag="994" ind1=" " ind2=" ">
         <subfield code="a">92</subfield>
         <subfield code="b">AGL</subfield>
      </datafield>
   </record>
</collection>
